%% This BibTeX bibliography file was created using BibDesk.
%% http://bibdesk.sourceforge.net/


%% Created for Lu√≠s Resende at 2015-04-28 00:54:12 -0300 


%% Saved with string encoding Unicode (UTF-8) 



@manual{inmetro2003,
	Address = {Rio de Janeiro, Brasil},
	Author = {INMETRO},
	Isbn = {85-87090-90-9},
	Pages = {75},
	Title = {Vocabul{\'a}rio internacional de termos fundamentais e gerais de metrologia},
	Year = {2013}}

@inproceedings{soviero1997,
	Author = {P. A. O. Soviero and L. G. M. Lavagna},
	Booktitle = {Journal of the Brazilian Societyt Mechanical Sciences},
	Number = {3},
	Pages = {332-340},
	Title = {A Numerical Model for Thin Airfoils in Unsteady Motion},
	Volume = {19},
	Year = {1997}}

@inproceedings{sparrow1980,
	Author = {E. M. Sparrow},
	Booktitle = {Numerical Heat Transfer},
	Pages = {149-167},
	Title = {Forced Convection Heat Transfer in a Duct Having Spanwise-Periodic Rectangular Protuberances},
	Volume = {3},
	Year = {1980}}

@article{clark1986,
	Address = {University of Michigan},
	Author = {J. A. Clark},
	Title = {Private Communication},
	Year = {1986}}

@article{arruda2007,
	Author = {M. B. B. Arruda},
	Title = {Como fazer refer{\^e}ncias: bibliogr{\'a}ficas, eletr{\^o}nicas e demais formas de documentos},
	Url = {http://bu.ufsc.br/framerefer.html},
	Year = {2007},
	Bdsk-Url-1 = {http://bu.ufsc.br/framerefer.html}}

@article{coimbra1978,
	Address = {S{\~a}o Paulo, Brazil},
	Author = {A. L. Coimbra},
	Editor = {Edgard Bl{\"u}cher},
	Pages = {428},
	Title = {Lessons of Continuum Mechanics},
	Year = {1978}}

@inproceedings{bordalo1989,
	Author = {S. N. Bordalo and J. H. Ferziger and S. J. Kline},
	Booktitle = {Proceedings of the 10th Brazilian Congress of Mechanical Engineering},
	Pages = {41-44},
	Title = {The Development of Zonal Models for Turbulence},
	Volume = {1},
	Year = {1989}}

@manual{NBR14724:2011,
	Address = {Rio de Janeiro},
	Date-Added = {2012-12-15 20:34:08 +0000},
	Date-Modified = {2012-12-15 20:35:25 +0000},
	Month = mar,
	Org-Short = {ABNT},
	Organization = {Associa{\c c}\~ao Brasileira de Normas T\'ecnicas},
	Pages = 15,
	Subtitle = {Informa{\c c}\~ao e documenta{\c c}\~ao --- trabalhos acad\^emicos --- apresenta{\c c}\~ao},
	Title = {{NBR} 14724},
	Year = 2011}

@manual{NBR6034:2000,
	Address = {Rio de Janeiro},
	Org-Short = {ABNT},
	Organization = {Associa{\c c}\~ao Brasileira de Normas T\'ecnicas},
	Subtitle = {Informa{\c c}\~ao e documenta{\c c}\~ao --- Refer{\^e}ncias},
	Title = {{NBR} 14724},
	Year = 2000}
